%%
%% WinShell 3.3.2.4
%% http://www.winshell.org/
%%

% Strings


% Preamble


% BibTeX Entries
% Just copy/paste bibtex entries here. Easy-peasy.

